<record><leader>00000cas a22000007a 4500</leader><controlfield tag="001">11661270</controlfield><controlfield tag="008">850205d18311835pauwr ne      0    0eng d</controlfield><datafield ind1=" " ind2=" " tag="010"><subfield code="a">sn 85054085 </subfield></datafield><datafield ind1=" " ind2=" " tag="040"><subfield code="a">NYG</subfield><subfield code="b">eng</subfield><subfield code="c">NYG</subfield><subfield code="d">NPX</subfield><subfield code="d">NPH</subfield><subfield code="d">MGN</subfield><subfield code="d">OCLCQ</subfield></datafield><datafield ind1=" " ind2=" " tag="042"><subfield code="a">msc</subfield></datafield><datafield ind1="0" ind2="0" tag="245"><subfield code="a">Anti-Masonic register, and Chester County examiner.</subfield></datafield><datafield ind1=" " ind2=" " tag="260"><subfield code="a">West-Chester, Pa. :</subfield><subfield code="b">Joseph Painter,</subfield><subfield code="c">1831-1835.</subfield></datafield><datafield ind1=" " ind2=" " tag="300"><subfield code="a">6 v. ;</subfield><subfield code="c">50-56 cm.</subfield></datafield><datafield ind1=" " ind2=" " tag="310"><subfield code="a">Weekly</subfield></datafield><datafield ind1="0" ind2=" " tag="362"><subfield code="a">Vol. 2, no. 49 (Sept. 30, 1831)-v. 7, no. 4 (Oct. 20, 1835) = whole no. 101-316.</subfield></datafield><datafield ind1=" " ind2=" " tag="500"><subfield code="a">Anti-Masonic Republican.</subfield></datafield><datafield ind1=" " ind2=" " tag="752"><subfield code="a">United States</subfield><subfield code="b">Pennsylvania</subfield><subfield code="c">Chester</subfield><subfield code="d">West Chester.</subfield></datafield><datafield ind1="0" ind2="4" tag="780"><subfield code="t">Anti-Masonic register</subfield><subfield code="w">(DLC)sn 85054084</subfield></datafield><datafield ind1="0" ind2="4" tag="780"><subfield code="t">Anti-Masonic examiner, and Chester County farmer</subfield><subfield code="w">(DLC)sn 90069055</subfield></datafield><datafield ind1="0" ind2="0" tag="785"><subfield code="t">Register &amp; examiner</subfield><subfield code="w">(DLC)sn 85054086</subfield></datafield></record>